@article{heinicke2015assessing,
  title={Assessing the performance of a semi-automated acoustic monitoring system for primates},
  author={Heinicke, Stefanie and Kalan, Ammie K and Wagner, Oliver JJ and Mundry, Roger and Lukashevich, Hanna and K{\"u}hl, Hjalmar S},
  journal={Methods in Ecology and Evolution},
  volume={6},
  number={7},
  pages={753--763},
  year={2015},
  publisher={Wiley Online Library}
}

@article{wrege2017acoustic,
  title={Acoustic monitoring for conservation in tropical forests: examples from forest elephants},
  author={Wrege, Peter H and Rowland, Elizabeth D and Keen, Sara and Shiu, Yu},
  journal={Methods in Ecology and Evolution},
  volume={8},
  number={10},
  pages={1292--1301},
  year={2017},
  publisher={Wiley Online Library}
}

@misc{reason2016recommendations,
    author = "Reason, Paola F and Newson, Stuart E and Jones, Kate E",
    title = "Recommendations for using automatic bat identification software with full spectrum recordings",
    year = "2016",
    url = "\url{http://www.bats.org.uk/data/files/AutomaticID_Recommendations_Version_date_210416.pdf}",
    note = "[Online; accessed 8-April-2018]"
  }

@article{slabbekoorn2004habitat,
  title={Habitat-dependent ambient noise: consistent spectral profiles in two African forest types},
  author={Slabbekoorn, Hans},
  journal={The Journal of the Acoustical Society of America},
  volume={116},
  number={6},
  pages={3727--3733},
  year={2004},
  publisher={ASA}
}

@article{waser1977experimental,
  title={Experimental Studies of Primate Vocalization: Specializations for Long-distance Propagation},
  author={Waser, Peter M and Waser, Mary S},
  journal={Ethology},
  volume={43},
  number={3},
  pages={239--263},
  year={1977},
  publisher={Wiley Online Library}
}

@report{browning2017passive,
  author = {Browning, Ella and Gibb, Rory and Glover-Kapfer, Paul and Jones, Kate E},
  title = {Passive acoustic monitoring in ecology and conservation},
  series = {WWF Conservation Technology Series 1(2)},
  institution = {WWF-UK, Woking, England},
  year = {2017}
}

@article{lecun2015deep,
  title={Deep learning},
  author={LeCun, Yann and Bengio, Yoshua and Hinton, Geoffrey},
  journal={nature},
  volume={521},
  number={7553},
  pages={436},
  year={2015},
  publisher={Nature Publishing Group}
}

@inproceedings{goeau:hal-01373779,
  title = {{LifeCLEF Bird Identification Task 2016: The arrival of Deep learning}},
  author = {Go{\"e}au, Herv{\'e} and Glotin, Herv{\'e} and Vellinga, Willem-Pier and Planqu{\'e}, Robert and Joly, Alexis},
  url = {https://hal.archives-ouvertes.fr/hal-01373779},
  booktitle = {{Working Notes of CLEF 2016 - Conference and Labs of the Evaluation forum}},
  address = {Evora, Portugal},
  pages = {440--449},
  year = {2016},
  month = Sep,
  PDF = {https://hal.archives-ouvertes.fr/hal-01373779/file/16090440.pdf},
  HAL_ID = {hal-01373779},
  HAL_VERSION = {v1},
}

@article{kiskin2017mosquito,
  title={Mosquito detection with neural networks: the buzz of deep learning},
  author={Kiskin, Ivan and Orozco, Bernardo P{\'e}rez and Windebank, Theo and Zilli, Davide and Sinka, Marianne and Willis, Kathy and Roberts, Stephen},
  journal={arXiv preprint arXiv:1705.05180},
  year={2017}
}

@article{stowell2014automatic,
  title={Automatic large-scale classification of bird sounds is strongly improved by unsupervised feature learning},
  author={Stowell, Dan and Plumbley, Mark D},
  journal={PeerJ},
  volume={2},
  pages={e488},
  year={2014},
  publisher={PeerJ Inc.}
}

@article{macaodha2018bat,
  title={Bat detectiveâ€”Deep learning tools for bat acoustic signal detection},
  author={Mac Aodha, Oisin and Gibb, Rory and Barlow, Kate E and Browning, Ella and Firman, Michael and Freeman, Robin and Harder, Briana and Kinsey, Libby and Mead, Gary R and Newson, Stuart E and others},
  journal={PLoS computational biology},
  volume={14},
  number={3},
  pages={e1005995},
  year={2018},
  publisher={Public Library of Science}
}

@article{ramos2008communication,
  title={Communication in spider monkeys: the function and mechanisms underlying the use of the whinny},
  author={Ramos-Fern{\'a}ndez, GABRIEL},
  journal={Spider monkeys: behavior, ecology, and evolution of the genus Ateles. Cambridge University Press, New York},
  pages={220--235},
  year={2008}
}