@article{porter2005wireless,
  title={Wireless sensor networks for ecology},
  author={Porter, John and Arzberger, Peter and Braun, Hans-Werner and Bryant, Pablo and Gage, Stuart and Hansen, Todd and Hanson, Paul and Lin, Chau-Chin and Lin, Fang-Pang and Kratz, Timothy and others},
  journal={AIBS Bulletin},
  volume={55},
  number={7},
  pages={561--572},
  year={2005},
  publisher={American Institute of Biological Sciences}
}

@article{proencca2017global,
  title={Global biodiversity monitoring: from data sources to essential biodiversity variables},
  author={Proen{\c{c}}a, V{\^a}nia and Martin, Laura Jane and Pereira, Henrique Miguel and Fernandez, Miguel and McRae, Louise and Belnap, Jayne and B{\"o}hm, Monika and Brummitt, Neil and Garc{\'\i}a-Moreno, Jaime and Gregory, Richard D and others},
  journal={Biological Conservation},
  volume={213},
  pages={256--263},
  year={2017},
  publisher={Elsevier}
}

@article{underwood2005large,
  title={Large-scale questions and small-scale data: empirical and theoretical methods for scaling up in ecology},
  author={Underwood, N and Hamb{\"a}ck, P and Inouye, BD},
  journal={Oecologia},
  volume={145},
  number={2},
  pages={176--177},
  year={2005},
  publisher={Springer}
}

@article{porter2009new,
  title={New eyes on the world: advanced sensors for ecology},
  author={Porter, John H and Nagy, Eric and Kratz, Timothy K and Hanson, Paul and Collins, Scott L and Arzberger, Peter},
  journal={BioScience},
  volume={59},
  number={5},
  pages={385--397},
  year={2009},
  publisher={American Institute of Biological Sciences Circulation, AIBS, 1313 Dolley Madison Blvd., Suite 402, McLean, VA 22101. USA}
}

@article{alroy2017effects,
  title={Effects of habitat disturbance on tropical forest biodiversity},
  author={Alroy, John},
  journal={Proceedings of the National Academy of Sciences},
  volume={114},
  number={23},
  pages={6056--6061},
  year={2017},
  publisher={National Acad Sciences}
}

@inproceedings{stowell2016bird,
  title={Bird detection in audio: a survey and a challenge},
  author={Stowell, Dan and Wood, Mike and Stylianou, Yannis and Glotin, Herv{\'e}},
  booktitle={Machine Learning for Signal Processing (MLSP), 2016 IEEE 26th International Workshop on},
  pages={1--6},
  year={2016},
  organization={IEEE}
}

@article{shonfield2017autonomous,
  title={Autonomous recording units in avian ecological research: current use and future applications},
  author={Shonfield, Julia and Bayne, Erin},
  journal={Avian Conservation and Ecology},
  volume={12},
  number={1},
  year={2017},
  publisher={The Resilience Alliance}
}

@article{kiskin2017mosquito,
  title={Mosquito detection with neural networks: the buzz of deep learning},
  author={Kiskin, Ivan and Orozco, Bernardo P{\'e}rez and Windebank, Theo and Zilli, Davide and Sinka, Marianne and Willis, Kathy and Roberts, Stephen},
  journal={arXiv preprint arXiv:1705.05180},
  year={2017}
}

@article{digby2013practical,
  title={A practical comparison of manual and autonomous methods for acoustic monitoring},
  author={Digby, Andrew and Towsey, Michael and Bell, Ben D and Teal, Paul D},
  journal={Methods in Ecology and Evolution},
  volume={4},
  number={7},
  pages={675--683},
  year={2013},
  publisher={Wiley Online Library}
}

@article{bridges2000temporal,
  title={Temporal variation in anuran calling behavior: implications for surveys and monitoring programs},
  author={Bridges, Andrew S and Dorcas, Michael E},
  journal={Copeia},
  volume={2000},
  number={2},
  pages={587--592},
  year={2000}
}

@article{mellinger2011confirmation,
  title={Confirmation of right whales near a nineteenth-century whaling ground east of southern Greenland},
  author={Mellinger, David K and Nieukirk, Sharon L and Klinck, Karolin and Klinck, Holger and Dziak, Robert P and Clapham, Phillip J and Brandsd{\'o}ttir, Brynd{\'\i}s},
  journal={Biology letters},
  pages={rsbl20101191},
  year={2011},
  publisher={The Royal Society}
}

@article{bader2015mobility,
  title={Mobility explains the response of aerial insectivorous bats to anthropogenic habitat change in the Neotropics},
  author={Bader, Elias and Jung, Kirsten and Kalko, Elisabeth KV and Page, Rachel A and Rodriguez, Raul and Sattler, Thomas},
  journal={Biological Conservation},
  volume={186},
  pages={97--106},
  year={2015},
  publisher={Elsevier}
}

@article{campos2016improving,
  title={Improving distribution data of threatened species by combining acoustic monitoring and occupancy modelling},
  author={Campos-Cerqueira, Marconi and Aide, T Mitchell},
  journal={Methods in Ecology and Evolution},
  volume={7},
  number={11},
  pages={1340--1348},
  year={2016},
  publisher={Wiley Online Library}
}

@article{davies2016ultrasonic,
  title={Ultrasonic monitoring to assess the impacts of forest conversion on Solomon Island bats},
  author={Davies, Tammy E and Ruzicka, Filip and Lavery, Tyrone and Walters, Charlotte L and Pettorelli, Nathalie},
  journal={Remote Sensing in Ecology and Conservation},
  volume={2},
  number={2},
  pages={107--118},
  year={2016},
  publisher={Wiley Online Library}
}

@article{rayment2009use,
  title={Use of T-PODs for acoustic monitoring of Cephalorhynchus dolphins: a case study with Hectorâ€™s dolphins in a marine protected area},
  author={Rayment, William and Dawson, Steve and Slooten, Liz},
  journal={Endangered Species Research},
  volume={10},
  pages={333--339},
  year={2009}
}

@article{kuhl2013animal,
  title={Animal biometrics: quantifying and detecting phenotypic appearance},
  author={K{\"u}hl, Hjalmar S and Burghardt, Tilo},
  journal={Trends in ecology \& evolution},
  volume={28},
  number={7},
  pages={432--441},
  year={2013},
  publisher={Elsevier}
}

@article{ferraro2006money,
  title={Money for nothing? A call for empirical evaluation of biodiversity conservation investments},
  author={Ferraro, Paul J and Pattanayak, Subhrendu K},
  journal={PLoS biology},
  volume={4},
  number={4},
  pages={e105},
  year={2006},
  publisher={Public Library of Science}
}

@article{legg2006most,
  title={Why most conservation monitoring is, but need not be, a waste of time},
  author={Legg, Colin J and Nagy, Laszlo},
  journal={Journal of environmental management},
  volume={78},
  number={2},
  pages={194--199},
  year={2006},
  publisher={Elsevier}
}

@article{hill2018audiomoth,
  title={AudioMoth: Evaluation of a smart open acoustic device for monitoring biodiversity and the environment},
  author={Hill, Andrew P and Prince, Peter and Pi{\~n}a Covarrubias, Evelyn and Doncaster, C Patrick and Snaddon, Jake L and Rogers, Alex},
  journal={Methods in Ecology and Evolution},
  volume={9},
  number={5},
  pages={1199--1211},
  year={2018},
  publisher={Wiley Online Library}
}

@article{newson2017potential,
  title={Potential for coupling the monitoring of bush-crickets with established large-scale acoustic monitoring of bats},
  author={Newson, Stuart E and Bas, Yves and Murray, Ash and Gillings, Simon},
  journal={Methods in Ecology and Evolution},
  volume={8},
  number={9},
  pages={1051--1062},
  year={2017},
  publisher={Wiley Online Library}
}

@article{rogers2013density,
  title={Density can be misleading for low-density species: benefits of passive acoustic monitoring},
  author={Rogers, Tracey L and Ciaglia, Michaela B and Klinck, Holger and Southwell, Colin},
  journal={PLoS One},
  volume={8},
  number={1},
  pages={e52542},
  year={2013},
  publisher={Public Library of Science}
}

@article{wrege2017acoustic,
  title={Acoustic monitoring for conservation in tropical forests: examples from forest elephants},
  author={Wrege, Peter H and Rowland, Elizabeth D and Keen, Sara and Shiu, Yu},
  journal={Methods in Ecology and Evolution},
  volume={8},
  number={10},
  pages={1292--1301},
  year={2017},
  publisher={Wiley Online Library}
}

@article{fanioudakis2017deep,
  title={Deep Networks tag the location of bird vocalisations on audio spectrograms},
  author={Fanioudakis, Lefteris and Potamitis, Ilyas},
  journal={arXiv preprint arXiv:1711.04347},
  year={2017}
}

@article{stowell2018automatic,
  title={Automatic acoustic detection of birds through deep learning: the first Bird Audio Detection challenge},
  author={Stowell, Dan and Stylianou, Yannis and Wood, Mike and Pamu{\l}a, Hanna and Glotin, Herv{\'e}},
  journal={arXiv preprint arXiv:1807.05812},
  year={2018}
}

@article{klingbeil2015bird,
  title={Bird biodiversity assessments in temperate forest: the value of point count versus acoustic monitoring protocols},
  author={Klingbeil, Brian T and Willig, Michael R},
  journal={PeerJ},
  volume={3},
  pages={e973},
  year={2015},
  publisher={PeerJ Inc.}
}

@article{villanueva2012pumilio,
  title={Pumilio: a web-based management system for ecological recordings},
  author={Villanueva-Rivera, Luis J and Pijanowski, Bryan C},
  journal={The Bulletin of the Ecological Society of America},
  volume={93},
  number={1},
  pages={71--81},
  year={2012},
  publisher={Wiley Online Library}
}

@article{alldredge2007time,
  title={Time-of-detection method for estimating abundance from point-count surveys},
  author={Alldredge, Mathew W and Pollock, Kenneth H and Simons, Theodore R and Collazo, Jaime A and Shriner, Susan A},
  journal={The Auk},
  volume={124},
  number={2},
  pages={653--664},
  year={2007},
  publisher={BioOne}
}

@article{honrado2016fostering,
  title={Fostering integration between biodiversity monitoring and modelling},
  author={Honrado, Joao P and Pereira, Henrique M and Guisan, Antoine},
  journal={Journal of Applied Ecology},
  volume={53},
  number={5},
  pages={1299--1304},
  year={2016},
  publisher={Wiley Online Library}
}

@article{kobayasi2012classification,
  title={Classification of vocalizations in the Mongolian gerbil, Meriones unguiculatus},
  author={Kobayasi, Kohta I and Riquimaroux, Hiroshi},
  journal={The Journal of the Acoustical Society of America},
  volume={131},
  number={2},
  pages={1622--1631},
  year={2012},
  publisher={ASA}
}

@article{thessen2016adoption,
  title={Adoption of machine learning techniques in ecology and earth science},
  author={Thessen, Anne},
  journal={One Ecosystem},
  volume={1},
  pages={e8621},
  year={2016},
  publisher={Pensoft Publishers}
}

@misc{reason2016recommendations,
    author = "Reason, Paola F and Newson, Stuart E and Jones, Kate E",
    title = "Recommendations for using automatic bat identification software with full spectrum recordings",
    year = "2016",
    url = "\url{http://www.bats.org.uk/data/files/AutomaticID_Recommendations_Version_date_210416.pdf}",
    note = "[Online; accessed 8-April-2018]"
}

@article{knight2017recommendations,
  title={Recommendations for acoustic recognizer performance assessment with application to five common automated signal recognition programs},
  author={Knight, Elly and Hannah, Kevin and Foley, Gabriel and Scott, Chris and Brigham, R and Bayne, Erin},
  journal={Avian Conservation and Ecology},
  volume={12},
  number={2},
  year={2017},
  publisher={The Resilience Alliance}
}

@article{humphrey2013feature,
  title={Feature learning and deep architectures: New directions for music informatics},
  author={Humphrey, Eric J and Bello, Juan P and LeCun, Yann},
  journal={Journal of Intelligent Information Systems},
  volume={41},
  number={3},
  pages={461--481},
  year={2013},
  publisher={Springer}
}

@article{ovaskainen2018animal,
  title={Animal Sound Identifier (ASI): software for automated identification of vocal animals},
  author={Ovaskainen, Otso and Moliterno de Camargo, Ulisses and Somervuo, Panu},
  journal={Ecology letters},
  volume={21},
  number={8},
  pages={1244--1254},
  year={2018},
  publisher={Wiley Online Library}
}

@article{heinicke2015assessing,
  title={Assessing the performance of a semi-automated acoustic monitoring system for primates},
  author={Heinicke, Stefanie and Kalan, Ammie K and Wagner, Oliver JJ and Mundry, Roger and Lukashevich, Hanna and K{\"u}hl, Hjalmar S},
  journal={Methods in Ecology and Evolution},
  volume={6},
  number={7},
  pages={753--763},
  year={2015},
  publisher={Wiley Online Library}
}

@article{zamora2016acoustic,
  title={Acoustic identification of Mexican bats based on taxonomic and ecological constraints on call design},
  author={Zamora-Gutierrez, Veronica and Lopez-Gonzalez, Celia and Gonzalez, M Cristina MacSwiney and Fenton, Brock and Jones, Gareth and Kalko, Elisabeth KV and Puechmaille, Sebastien J and Stathopoulos, Vassilios and Jones, Kate E},
  journal={Methods in Ecology and Evolution},
  volume={7},
  number={9},
  pages={1082--1091},
  year={2016},
  publisher={Wiley Online Library}
}

@phdthesis{collen2012evolution,
  title={The evolution of echolocation in bats: a comparative approach},
  author={Collen, AL},
  year={2012},
  school={UCL (University College London)}
}

@report{browning2017passive,
  author = {Browning, Ella and Gibb, Rory and Glover-Kapfer, Paul and Jones, Kate E},
  title = {Passive acoustic monitoring in ecology and conservation},
  series = {WWF Conservation Technology Series 1(2)},
  institution = {WWF-UK, Woking, England},
  year = {2017}
}

@article{waser1977experimental,
  title={Experimental studies of primate vocalization: Specializations for long-distance propagation},
  author={Waser, Peter M and Waser, Mary S},
  journal={Zeitschrift f{\"u}r Tierpsychologie},
  volume={43},
  number={3},
  pages={239--263},
  year={1977},
  publisher={Wiley Online Library}
}

@article{mac2018bat,
  title={Bat detectiveâ€”Deep learning tools for bat acoustic signal detection},
  author={Mac Aodha, Oisin and Gibb, Rory and Barlow, Kate E and Browning, Ella and Firman, Michael and Freeman, Robin and Harder, Briana and Kinsey, Libby and Mead, Gary R and Newson, Stuart E and others},
  journal={PLoS computational biology},
  volume={14},
  number={3},
  pages={e1005995},
  year={2018},
  publisher={Public Library of Science}
}

@article{aide2013real,
  title={Real-time bioacoustics monitoring and automated species identification},
  author={Aide, T Mitchell and Corrada-Bravo, Carlos and Campos-Cerqueira, Marconi and Milan, Carlos and Vega, Giovany and Alvarez, Rafael},
  journal={PeerJ},
  volume={1},
  pages={e103},
  year={2013},
  publisher={PeerJ Inc.}
}

@article{kahl2017large,
  title={Large-scale bird sound classification using convolutional neural networks},
  author={Kahl, Stefan and Wilhelm-Stein, Thomas and Hussein, Hussein and Klinck, Holger and Kowerko, Danny and Ritter, Marc and Eibl, Maximilian},
  journal={Working notes of CLEF},
  year={2017}
}

@article{crump2017designing,
  title={Designing better frog call recognition models},
  author={Crump, Paul S and Houlahan, Jeff},
  journal={Ecology and evolution},
  volume={7},
  number={9},
  pages={3087--3099},
  year={2017},
  publisher={Wiley Online Library}
}

@article{ramos2008communication,
  title={Communication in spider monkeys: the function and mechanisms underlying the use of the whinny},
  author={Ramos-Fern{\'a}ndez, GABRIEL},
  journal={Spider monkeys: behavior, ecology, and evolution of the genus Ateles. Cambridge University Press, New York},
  pages={220--235},
  year={2008}
}

@article{salamon2017deep,
  title={Deep convolutional neural networks and data augmentation for environmental sound classification},
  author={Salamon, Justin and Bello, Juan Pablo},
  journal={IEEE Signal Processing Letters},
  volume={24},
  number={3},
  pages={279--283},
  year={2017},
  publisher={IEEE}
}

@misc{brownlee2018statistical,
  title = {Statistical Significance Tests for Comparing Machine Learning Algorithms},
  author={Jason Brownlee},
  howpublished = {\url{https://machinelearningmastery.com/statistical-significance-tests-for-comparing-machine-learning-algorithms/}},
  note = {Accessed: 2018-08-25}
}

@inproceedings{sprengel2016audio,
  title={Audio based bird species identification using deep learning techniques},
  author={Sprengel, Elias and Jaggi, Martin and Kilcher, Yannic and Hofmann, Thomas},
  booktitle={LifeCLEF 2016},
  number={EPFL-CONF-229232},
  pages={547--559},
  year={2016}
}

@inproceedings{stkapor2017evaluating,
  title={Evaluating and Comparing Classifiers: Review, Some Recommendations and Limitations},
  author={St{\k{a}}por, Katarzyna},
  booktitle={International Conference on Computer Recognition Systems},
  pages={12--21},
  year={2017},
  organization={Springer}
}

@inproceedings{strout2017anuran,
  title={Anuran call classification with deep learning},
  author={Strout, Julia and Rogan, Bryce and Seyednezhad, SM Mahdi and Smart, Katrina and Bush, Mark and Ribeiro, Eraldo},
  booktitle={Acoustics, Speech and Signal Processing (ICASSP), 2017 IEEE International Conference on},
  pages={2662--2665},
  year={2017},
  organization={IEEE}
}

@inproceedings{joly2016lifeclef,
  title={LifeCLEF 2016: multimedia life species identification challenges},
  author={Joly, Alexis and Go{\"e}au, Herv{\'e} and Glotin, Herv{\'e} and Spampinato, Concetto and Bonnet, Pierre and Vellinga, Willem-Pier and Champ, Julien and Planqu{\'e}, Robert and Palazzo, Simone and M{\"u}ller, Henning},
  booktitle={International Conference of the Cross-Language Evaluation Forum for European Languages},
  pages={286--310},
  year={2016},
  organization={Springer}
}

@inproceedings{dai2017very,
  title={Very deep convolutional neural networks for raw waveforms},
  author={Dai, Wei and Dai, Chia and Qu, Shuhui and Li, Juncheng and Das, Samarjit},
  booktitle={Acoustics, Speech and Signal Processing (ICASSP), 2017 IEEE International Conference on},
  pages={421--425},
  year={2017},
  organization={IEEE}
}

@article{norouzzadeh2018automatically,
  title={Automatically identifying, counting, and describing wild animals in camera-trap images with deep learning},
  author={Norouzzadeh, Mohammad Sadegh and Nguyen, Anh and Kosmala, Margaret and Swanson, Alexandra and Palmer, Meredith S and Packer, Craig and Clune, Jeff},
  journal={Proceedings of the National Academy of Sciences},
  pages={201719367},
  year={2018},
  publisher={National Acad Sciences}
}

@software{praat,
  author = {Boersma, Paul and Weenink, David},
  title = {Praat: doing phonetics by computer},
  url = {http://www.praat.org/},
  version = {6.0.42},
  date = {2018-05-19},
}

@misc{brian_mcfee_2018_1342708,
  author       = {Brian McFee and
                  Matt McVicar and
                  Stefan Balke and
                  Carl ThomÃ© and
                  Vincent Lostanlen and
                  Colin Raffel and
                  Dana Lee and
                  Oriol Nieto and
                  Eric Battenberg and
                  Dan Ellis and
                  Ryuichi Yamamoto and
                  Josh Moore and
                  WZY and
                  Rachel Bittner and
                  Keunwoo Choi and
                  Pius Friesch and
                  Fabian-Robert StÃ¶ter and
                  Matt Vollrath and
                  Siddhartha Kumar and
                  nehz and
                  Simon Waloschek and
                  Seth and
                  Rimvydas Naktinis and
                  Douglas Repetto and
                  Curtis "Fjord" Hawthorne and
                  CJ Carr and
                  JoÃ£o Felipe Santos and
                  JackieWu and
                  Erik and
                  Adrian Holovaty},
  title        = {librosa/librosa: 0.6.2},
  month        = aug,
  year         = 2018,
  doi          = {10.5281/zenodo.1342708},
  url          = {https://doi.org/10.5281/zenodo.1342708}
}

@article{versteegh2016classification,
  title={Classification and automatic transcription of primate calls},
  author={Versteegh, Maarten and Kuhn, Jeremy and Synnaeve, Gabriel and Ravaux, Lucie and Chemla, Emmanuel and C{\"a}sar, Cristiane and Fuller, James and Murphy, Derek and Schel, Anne and Dunbar, Ewan},
  journal={The Journal of the Acoustical Society of America},
  volume={140},
  number={1},
  pages={EL26--EL30},
  year={2016},
  publisher={ASA}
}

@article{lecun2015deep,
  title={Deep learning},
  author={LeCun, Yann and Bengio, Yoshua and Hinton, Geoffrey},
  journal={nature},
  volume={521},
  number={7553},
  pages={436},
  year={2015},
  publisher={Nature Publishing Group}
}
